@online{HBO-i-reasearch-methods,
    author = {Wilco Bonestroo and Marcel Meesters and Ralph Niels and Jan Dirk
              Schagen and Koen van Turnhout},
    title = {ICT Research Methods HBO-i},
    urldate = {2023-10-24},
    url = {https://ictresearchmethods.nl/Methods},
    date = {2023},
}
@online{MoSCoW,
    author = {Monday.com},
    title = {The MoSCoW prioritization method explained},
    url = {
           https://monday.com/blog/project-management/moscow-prioritization-method/
           },
    date = {2022},
    urldate = {2023-10-02},
}
@book{Verhoeven,
    author = {Nel Verhoeven},
    title = {Wat is onderzoek},
    year = {2018},
    edition = {2},
    publisher = {Boom},
}
@online{STARR,
    author = {Scribbr},
    title = {Reflecteren met de STARR-methode | Stappenplan + voorbeelden},
    url = {https://www.scribbr.nl/stage/starr-methode/},
    date = {2023},
    urldate = {2023-10-03},
}
@online{ScrumOfOne,
    author = {Kodeco},
    title = {Scrum of One: How to Bring Scrum Into Your One-Person Operation},
    url = {
           https://www.kodeco.com/585-scrum-of-one-how-to-bring-scrum-into-your-one-person-operation
           },
    date = {2017},
    urldate = {2023-10-03},
}
@online{PostmanWorkflows,
    author = {Postman.com},
    title = {Customzie request order in a collection run},
    url = {
           https://learning.postman.com/docs/collections/running-collections/building-workflows/
           },
    date = {2023},
    urldate = {2023-10-06},
}
@image{4p1ModelViews,
    url = {
           https://herbertograca.com/2019/08/12/documenting-software-architecture/
           },
    author = {hgraca},
    date = {2019},
    urldate = {2023-10-05},
}
@image{VModel,
    url = {https://builtin.com/software-engineering-perspectives/v-model},
    author = {Artem Oppermann},
    date = {2023},
    urldate = {2023-10-05},
}
@online{SnakewareWhatWeDo,
    author = {Snakeware},
    title = {What we do},
    year = {2022},
    url = {https://www.snakeware.com/what-we-do},
    urldate = {2023-10-10},
}
@online{SnakewareCases,
    author = {Snakeware},
    title = {Cases},
    year = {2022},
    url = {https://www.snakeware.nl/cases},
    urldate = {2023-10-10},
}
@online{CSharp,
    author = {Microsoft},
    title = {Een rondleiding door de C\#-taal},
    date = {2022},
    urldate = {2023-10-10},
    url = {https://learn.microsoft.com/nl-nl/dotnet/csharp/tour-of-csharp/},
}
@online{JavaScript,
    author = {Mozilla},
    title = {JavaScript},
    date = {2023},
    url = {https://www.javascript.com/},
    urldate = {2023-10-10},
}
@online{SEO,
    author = {iodigital.com},
    title = {SEO voor beginners: de ultieme checklist},
    url = {https://www.iodigital.com/nl/history/orangedotcom/seo-voor-beginners},
    urldate = {2023-10-10},
}
@online{JavascriptClasses,
    author = {Mozilla},
    title = {Classes},
    url = {
           https://developer.mozilla.org/en-US/docs/Web/JavaScript/Reference/Classes
           },
    urldate = {2023-10-11},
    date = {2023},
}
@online{SDLC,
    author = {{Zuci Systems}},
    title = {Levenscyclus van softwareontwikkeling | Wat is SDLC},
    url = {
           https://www.zucisystems.com/nl/diensten/levenscyclus-van-softwareontwikkeling-wat-is-sdlc/
           },
    urldate = {2023-10-10},
}
@online{SOLID,
    author = {Stephen Watts},
    title = {The importance of SOLID Design Principles},
    url = { https://www.bmc.com/blogs/solid-design-principles/ },
    urldate = {2023-10-11},
    date = {2020},
}
@online{HTMLhead,
    author = {Mozilla},
    title = {What's in the head? Metadata in HTML},
    url = {
           https://developer.mozilla.org/en-US/docs/Learn/HTML/Introduction_to_HTML/The_head_metadata_in_HTML
           },
    urldate = {2023-10-11},
    date = {2023},
}
@online{Scrum,
    author = {Martin Vennix},
    title = {Wat is Scrum?},
    url = {https://leanagilegroep.nl/wat-is-scrum/},
    urldate = {2023-10-12},
}
@online{APA7,
    author = {Scribbr},
    title = {APA-stijl (7de editie) | Verwijzingen in de tekst \& bronvermelding
             },
    url = {https://www.scribbr.nl/category/apa-stijl/},
    urldate = {2023-10-12},
}
@report{4+1Model,
    author = {Philippe Kruchten},
    title = {Architectural Blueprints--The \qw{4+1} View Model of Software
             Architecture},
    date = {1995},
    month = {11},
    type = {report},
    institution = {Rational Software Corp.},
}
@online{Git,
    author = {Git-scm},
    title = {About},
    url = {https://git-scm.com/about},
    urldate = {2023-10-12},
}
@online{BitBucket,
    author = {Bitbucket},
    tilte = {Code \& CI/CD, Built for teams using Jira},
    url = {https://bitbucket.org/},
    urldate = {2023-10-12},
}
@report{Afstudeerhandleiding,
    author = {Martin Bosgra and Lisette Derksen and Wouter van der Ploeg and
              Fiona Sariedine},
    title = {Afstudeerhandleiding 2022-2023},
    year = {2022},
    month = {07},
    day = {14},
    institution = {NHL Stenden Hogeschool},
    note = {Verkregen 24 oktober 2023},
    type = {PDF},
}
@online{DOT-Framework,
    author = {{HBO-ICT open-oio}},
    title = {DOT-Framework},
    year = {2020},
    url = {https://maken.wikiwijs.nl/127721/DOT_framework},
    urldate = {2023-10-10},
}
@online{MandelowMatrix,
    author = {Professional academy},
    title = {Mendelow's Martrix - Marketing Theories},
    url = {
           https://www.professionalacademy.com/blogs/mendelows-matrix-marketing-theories/
           },
    urldate = {2023-10-20},
}
@online{ScrumPoker,
    author = {Martijn van Asseldonk},
    title = {Zo doe je Planning Poker met je Scrum Team},
    url = {https://scrumacademy.nl/blog/planning-poker-met-je-scrum-team/},
    year = {2020},
    urldate = {2023-10-23},
}
@online{XSL,
    author = {W3C},
    title = {What is XSL?},
    url = {https://www.w3.org/Style/XSL/WhatIsXSL.html},
    urldate = {2023-10-30},
}
@online{JSON,
    author = {json.org},
    title = {Introducing JSON},
    url = {https://www.json.org/json-en.html},
    urldate = {2023-10-30},
}
@online{HTML,
    author = {Mozilla},
    title = {HTML: HyperText Markup Language},
    url = {https://developer.mozilla.org/en-US/docs/Web/HTML?retiredLocale=nl},
    urldate = {2023-10-30},
    year = {2023},
}
@online{Vue,
    author = {Vuejs.org},
    title = {The Progressive JavaScript Framework},
    url = {https://vuejs.org/},
    urldate = {2023-10-30},
    year = {2023},
}
@online{FacebookPixel,
    author = {Meta},
    title = {Informatie over de Meta-pixel},
    url = {
           https://nl-nl.facebook.com/business/help/742478679120153?id=1205376682832142
           },
    urldate = {2023-11-16},
}
@report{BerberVerslag,
    author = {Berber Bouma},
    title = {Vakantiekiekje},
    institution = {NHL Stenden Hogeschool},
    note = {Verkregen 5 september 2023},
    type = {PDF},
    year = {2023},
    month = {04},
}

@online{Typescript,
    author = {Typescript.org},
    title = {Typescript is JavaScript with syntax for types},
    year = {2023},
    urldate = {2023-11-16},
    url = {https://www.typescriptlang.org/}
}
